@ONLINE{JDlr}
author = { Appwork GmbH},
title = {JDownloader Website},
month = jan,
year = {2011},
url = {jdownloader.org/}
}

@ONLINE{IPv6}
author = { Appwork GmbH},
title = {JDownloader svn},
url = {http://svn.jdownloader.org/issues/4150}
}
